@misc{AGI_2023,
  author = {Rae, Jack},
  title = {{Compression for AGI}},
  year = 2023,
  url = {https://www.youtube.com/watch?v=dO4TPJkeaaU},
  note = {Accessed: 2024-10-23}
}

@article{Information_1948,
  author = {Shannon, C. E.},
  journal = {The Bell System Technical Journal}, 
  title = {{A Mathematical Theory of Communication}}, 
  year = {1948},
  volume = {27},
  number = {3},
  pages = {379--423},
}

@book{Bishop1995,
  author = {Bishop, Christopher M.},
  publisher = {Oxford University Press},
  title = {{Neural Networks for Pattern Recognition}},
  year = {1995}
}

@misc{ScalingLaw1_2020,
  title = {{Scaling Laws for Neural Language Models}}, 
  author = {Jared Kaplan and Sam McCandlish and Tom Henighan and others},
  year = {2020},
  eprint = {2001.08361},
  archivePrefix = {arXiv},
  primaryClass = {cs.LG}
}

@misc{GPTo1_2024,
  title = {{Introducing OpenAI o1}}, 
  author = {{OpenAI}},
  year = {2024},
  url = {https://openai.com/o1},
  note = {Accessed: 2024-10-25}
}

@inproceedings{NIPS2017_3f5ee243,
 author = {Vaswani, Ashish and Shazeer, Noam and Parmar, Niki and others},
 booktitle = {Advances in Neural Information Processing Systems (NeurIPS)},
 publisher = {Curran Associates, Inc.},
 title = {{Attention is All you Need}},
 volume = {30},
 year = {2017}
}

@misc{allenzhu2024physicslanguagemodels33,
      title={{Physics of Language Models: Part 3.3, Knowledge Capacity Scaling Laws}}, 
      author={Zeyuan Allen-Zhu and Yuanzhi Li},
      year={2024},
      eprint={2404.05405},
      archivePrefix={arXiv},
      primaryClass={cs.CL}
}

@article{BP_1986,
  title = {Learning representations by back-propagating errors},
  author = {Rumelhart, David E. and Hinton, Geoffrey E. and Williams, Ronald J.},
  journal = {Nature},
  volume = {323},
  pages = {533--536},
  year = {1986}
}

@article{distillation_2021,
    title={{Video distillation}},
    author={Li, Xuelong and Zhao, Bin},
    year={2021},
    volume={51},
    number={5},
    pages={695--734},
    journal = {SCIENTIA SINICA Informationis},
}

@article{info_conservation_2013,
author = {Baocheng, Zhang and Qingyu, Cai and Mingsheng, Zhan and You, Li},
title = {{Information conservation is fundamental: recovering the lost information in Hawking radiation}},
journal = {International Journal of Modern Physics D},
volume = {22},
number = {12},
pages = {1341014},
year = {2013},
}

@ARTICLE{5392446,
  author={Landauer, R.},
  journal={IBM Journal of Research and Development}, 
  title={Irreversibility and Heat Generation in the Computing Process}, 
  year={1961},
  volume={5},
  number={3},
  pages={183-191},
}



